4196 5328
852 480 993 595 48
1418 478 1932 569 tanto.
2058 477 3016 571 BARBERTNI

1040 654 1466 783 Praecffa
1509 656 1664 778 est
1704 658 2012 780 velut
2052 658 2142 777 ἒι’
2170 695 2605 778 texente
2638 745 2672 792 ,
2718 663 2940 780 vita
2993 700 3235 781 mea
3280 705 3308 779 ε
3359 662 3633 783 dum

1126 870 1505 991 adhuc
1544 871 1953 989 ordirer
1971 962 2007 1016 ,
2033 862 2479 991 succidit
2519 914 2746 992 me:
2777 873 2914 991 de
2939 872 3268 991 mane
3300 871 3632 1037 Vsque

1112 1082 1260 1200 ad
1288 1080 1831 1242 vesperam
1860 1077 2164 1201 finies
2190 1125 2401 1202 me:

850 1315 952 1472 4
1031 1324 1615 1485 Sperabam
1651 1316 1981 1486 Vsque
2026 1322 2161 1444 ad
2204 1327 2533 1444 mane
2558 1320 2914 1486 ,quasi
2957 1321 3131 1441 leo
3180 1320 3323 1443 fi'c
3356 1368 3626 1446 con-

1143 1536 1447 1653 triuit
1485 1535 1861 1652 omnia
1898 1532 2118 1654 offa
2148 1580 2421 1655 mea:

860 1815 950 1926 5.
1028 1776 1206 1890 De
1248 1776 1573 1890 mane
1602 1764 1930 1932 vsque
1969 1770 2105 1889 ad
2143 1767 2684 1939 vesperam
2730 1765 3029 1889 finies
3072 1812 3312 1889 me:
3352 1770 3624 1893 ficut

1142 1979 1494 2143 pullus
1551 1980 2152 2101 hirundinis
2174 2044 2179 2048 ·
2201 1977 2344 2099 fic
2389 1979 2891 2099 clamabo
2933 2072 2970 2129 ‚
3018 1981 3626 2101 meditabor

1144 2228 1270 2309 vt
1315 2189 1860 2307 columba.

1048 2395 1627 2553 Attenuati
1669 2426 1914 2552 sunt
1946 2430 2240 2552 oculi
2282 2431 2496 2550 mei
2521 2524 2558 2581 ‚
2589 2429 3253 2595 suspicientes
3293 2439 3406 2556 in
3449 2470 3666 2558 ex·‘

1137 2606 1601 2765 celsum:
2117 2792 2121 2795 Α
3023 2809 3032 2818 “
3273 2786 3277 2790 .

859 2896 953 2998 6.
1033 2879 1517 3001 Domine
1548 2882 1780 3001 vim
1816 2884 2169 3046 patior
2189 2978 2225 3031 ,
2267 2882 2778 3048 responde
2819 2927 3022 3050 pro
3058 2930 3267 3009 me.
3297 2888 3622 3045 Qid

1144 3091 1503 3210 dicam
1544 3182 1586 3237 ,
1637 3130 1829 3212 aut
1853 3095 2135 3258 quid
2194 3095 2870 3256 respondebit
2928 3097 3200 3216 mihi
3244 3189 3281 3244 ,
3352 3094 3619 3215 chm

922 3345 931 3352 ·
1112 3293 1358 3462 ‘ipse
1410 3300 1847 3424 fecerit?

1039 3549 1729 3710 Recogitabo
1771 3548 1971 3668 tibi
2021 3591 2406 3669 omnes
2449 3592 2795 3671 annos
2825 3592 3138 3673 meos
3176 3552 3291 3670 in
3334 3593 3620 3673 ama·-

1139 3761 1603 3881 ri-tudine
1632 3762 2024 3882 animae
2064 3800 2357 3879 meae.

845 4053 952 4166 7.
1028 3989 1521 4172 Domine
1563 4011 1640 4130 fi
1686 4012 1827 4130 fic
1854 3983 2316 4160 vinitur,
2348 4014 2610 4132 &in
2650 4013 3040 4132 talibus
3067 4013 3289 4132 vita
3336 4002 3615 4171 spiri«-
3799 4115 3802 4116 f
3902 4018 3910 4024 ’

1142 4222 1587 4341 tus=mei
1634 4314 1671 4368 ‚
1720 4223 2223 4382 corripies
2271 4266 2451 4344 me
2495 4316 2532 4373 ‚
2591 4232 2718 4343 &
2759 4222 3356 4353 viuificabis
3404 4221 3611 4338 me'.

3213 4422 3278 4500 ⁸·
3333 4433 3617 4546 Ecce
